%YAML 1.1
%TAG !u! tag:unity3d.com,2011:
--- !u!1 &7367017290493144401
GameObject:
  m_ObjectHideFlags: 0
  m_CorrespondingSourceObject: {fileID: 0}
  m_PrefabInstance: {fileID: 0}
  m_PrefabAsset: {fileID: 0}
  serializedVersion: 6
  m_Component:
  - component: {fileID: 7367017290493144402}
  m_Layer: 0
  m_Name: SeamPrefab1
  m_TagString: Untagged
  m_Icon: {fileID: 0}
  m_NavMeshLayer: 0
  m_StaticEditorFlags: 0
  m_IsActive: 1
--- !u!4 &7367017290493144402
Transform:
  m_ObjectHideFlags: 0
  m_CorrespondingSourceObject: {fileID: 0}
  m_PrefabInstance: {fileID: 0}
  m_PrefabAsset: {fileID: 0}
  m_GameObject: {fileID: 7367017290493144401}
  m_LocalRotation: {x: -0, y: -0, z: -0, w: 1}
  m_LocalPosition: {x: 0, y: 0, z: 3000}
  m_LocalScale: {x: 1, y: 1, z: 1}
  m_Children:
  - {fileID: 8614898924251462870}
  - {fileID: 8614898925964692223}
  - {fileID: 8614898924305242588}
  - {fileID: 8930640048036179627}
  m_Father: {fileID: 0}
  m_RootOrder: 0
  m_LocalEulerAnglesHint: {x: 0, y: 0, z: 0}
--- !u!1001 &7367017290870629196
PrefabInstance:
  m_ObjectHideFlags: 0
  serializedVersion: 2
  m_Modification:
    m_TransformParent: {fileID: 7367017290493144402}
    m_Modifications:
    - target: {fileID: 2876104735244606368, guid: 50b8dbbb3c0a7364e9e70e46558ced37,
        type: 3}
      propertyPath: m_Name
      value: FlatRock1_Low (2)
      objectReference: {fileID: 0}
    - target: {fileID: 1275261811238906291, guid: 50b8dbbb3c0a7364e9e70e46558ced37,
        type: 3}
      propertyPath: m_LocalPosition.x
      value: 405
      objectReference: {fileID: 0}
    - target: {fileID: 1275261811238906291, guid: 50b8dbbb3c0a7364e9e70e46558ced37,
        type: 3}
      propertyPath: m_LocalPosition.y
      value: 311
      objectReference: {fileID: 0}
    - target: {fileID: 1275261811238906291, guid: 50b8dbbb3c0a7364e9e70e46558ced37,
        type: 3}
      propertyPath: m_LocalPosition.z
      value: 17
      objectReference: {fileID: 0}
    - target: {fileID: 1275261811238906291, guid: 50b8dbbb3c0a7364e9e70e46558ced37,
        type: 3}
      propertyPath: m_LocalRotation.x
      value: 0.049203224
      objectReference: {fileID: 0}
    - target: {fileID: 1275261811238906291, guid: 50b8dbbb3c0a7364e9e70e46558ced37,
        type: 3}
      propertyPath: m_LocalRotation.y
      value: -0.60583043
      objectReference: {fileID: 0}
    - target: {fileID: 1275261811238906291, guid: 50b8dbbb3c0a7364e9e70e46558ced37,
        type: 3}
      propertyPath: m_LocalRotation.z
      value: 0.032223657
      objectReference: {fileID: 0}
    - target: {fileID: 1275261811238906291, guid: 50b8dbbb3c0a7364e9e70e46558ced37,
        type: 3}
      propertyPath: m_LocalRotation.w
      value: -0.79341686
      objectReference: {fileID: 0}
    - target: {fileID: 1275261811238906291, guid: 50b8dbbb3c0a7364e9e70e46558ced37,
        type: 3}
      propertyPath: m_RootOrder
      value: 1
      objectReference: {fileID: 0}
    - target: {fileID: 1275261811238906291, guid: 50b8dbbb3c0a7364e9e70e46558ced37,
        type: 3}
      propertyPath: m_LocalEulerAnglesHint.x
      value: -2.237
      objectReference: {fileID: 0}
    - target: {fileID: 1275261811238906291, guid: 50b8dbbb3c0a7364e9e70e46558ced37,
        type: 3}
      propertyPath: m_LocalEulerAnglesHint.y
      value: 74.853004
      objectReference: {fileID: 0}
    - target: {fileID: 1275261811238906291, guid: 50b8dbbb3c0a7364e9e70e46558ced37,
        type: 3}
      propertyPath: m_LocalEulerAnglesHint.z
      value: 353.637
      objectReference: {fileID: 0}
    - target: {fileID: 1275261811238906291, guid: 50b8dbbb3c0a7364e9e70e46558ced37,
        type: 3}
      propertyPath: m_LocalScale.z
      value: 4.3075023
      objectReference: {fileID: 0}
    - target: {fileID: 1275261811238906291, guid: 50b8dbbb3c0a7364e9e70e46558ced37,
        type: 3}
      propertyPath: m_LocalScale.x
      value: 3.5319014
      objectReference: {fileID: 0}
    m_RemovedComponents: []
  m_SourcePrefab: {fileID: 100100000, guid: 50b8dbbb3c0a7364e9e70e46558ced37, type: 3}
--- !u!4 &8614898925964692223 stripped
Transform:
  m_CorrespondingSourceObject: {fileID: 1275261811238906291, guid: 50b8dbbb3c0a7364e9e70e46558ced37,
    type: 3}
  m_PrefabInstance: {fileID: 7367017290870629196}
  m_PrefabAsset: {fileID: 0}
--- !u!1001 &7367017290952507971
PrefabInstance:
  m_ObjectHideFlags: 0
  serializedVersion: 2
  m_Modification:
    m_TransformParent: {fileID: 7367017290493144402}
    m_Modifications:
    - target: {fileID: 3141189443212713723, guid: d3fdd6f959bb4b548a0058c268735b33,
        type: 3}
      propertyPath: m_Name
      value: FlatRock2_Low
      objectReference: {fileID: 0}
    - target: {fileID: 2147345105398295784, guid: d3fdd6f959bb4b548a0058c268735b33,
        type: 3}
      propertyPath: m_LocalPosition.x
      value: 39
      objectReference: {fileID: 0}
    - target: {fileID: 2147345105398295784, guid: d3fdd6f959bb4b548a0058c268735b33,
        type: 3}
      propertyPath: m_LocalPosition.y
      value: 39.896225
      objectReference: {fileID: 0}
    - target: {fileID: 2147345105398295784, guid: d3fdd6f959bb4b548a0058c268735b33,
        type: 3}
      propertyPath: m_LocalPosition.z
      value: 155
      objectReference: {fileID: 0}
    - target: {fileID: 2147345105398295784, guid: d3fdd6f959bb4b548a0058c268735b33,
        type: 3}
      propertyPath: m_LocalRotation.x
      value: 0
      objectReference: {fileID: 0}
    - target: {fileID: 2147345105398295784, guid: d3fdd6f959bb4b548a0058c268735b33,
        type: 3}
      propertyPath: m_LocalRotation.y
      value: -0
      objectReference: {fileID: 0}
    - target: {fileID: 2147345105398295784, guid: d3fdd6f959bb4b548a0058c268735b33,
        type: 3}
      propertyPath: m_LocalRotation.z
      value: -0
      objectReference: {fileID: 0}
    - target: {fileID: 2147345105398295784, guid: d3fdd6f959bb4b548a0058c268735b33,
        type: 3}
      propertyPath: m_LocalRotation.w
      value: 1
      objectReference: {fileID: 0}
    - target: {fileID: 2147345105398295784, guid: d3fdd6f959bb4b548a0058c268735b33,
        type: 3}
      propertyPath: m_RootOrder
      value: 3
      objectReference: {fileID: 0}
    - target: {fileID: 2147345105398295784, guid: d3fdd6f959bb4b548a0058c268735b33,
        type: 3}
      propertyPath: m_LocalEulerAnglesHint.x
      value: 0
      objectReference: {fileID: 0}
    - target: {fileID: 2147345105398295784, guid: d3fdd6f959bb4b548a0058c268735b33,
        type: 3}
      propertyPath: m_LocalEulerAnglesHint.y
      value: 0
      objectReference: {fileID: 0}
    - target: {fileID: 2147345105398295784, guid: d3fdd6f959bb4b548a0058c268735b33,
        type: 3}
      propertyPath: m_LocalEulerAnglesHint.z
      value: 0
      objectReference: {fileID: 0}
    - target: {fileID: 2147345105398295784, guid: d3fdd6f959bb4b548a0058c268735b33,
        type: 3}
      propertyPath: m_LocalScale.x
      value: 2.0109
      objectReference: {fileID: 0}
    - target: {fileID: 2147345105398295784, guid: d3fdd6f959bb4b548a0058c268735b33,
        type: 3}
      propertyPath: m_LocalScale.y
      value: 2.0109
      objectReference: {fileID: 0}
    - target: {fileID: 2147345105398295784, guid: d3fdd6f959bb4b548a0058c268735b33,
        type: 3}
      propertyPath: m_LocalScale.z
      value: 2.0109
      objectReference: {fileID: 0}
    m_RemovedComponents: []
  m_SourcePrefab: {fileID: 100100000, guid: d3fdd6f959bb4b548a0058c268735b33, type: 3}
--- !u!4 &8930640048036179627 stripped
Transform:
  m_CorrespondingSourceObject: {fileID: 2147345105398295784, guid: d3fdd6f959bb4b548a0058c268735b33,
    type: 3}
  m_PrefabInstance: {fileID: 7367017290952507971}
  m_PrefabAsset: {fileID: 0}
--- !u!1001 &7367017291761840239
PrefabInstance:
  m_ObjectHideFlags: 0
  serializedVersion: 2
  m_Modification:
    m_TransformParent: {fileID: 7367017290493144402}
    m_Modifications:
    - target: {fileID: 2876104735244606368, guid: 50b8dbbb3c0a7364e9e70e46558ced37,
        type: 3}
      propertyPath: m_Name
      value: FlatRock1_Low (3)
      objectReference: {fileID: 0}
    - target: {fileID: 1275261811238906291, guid: 50b8dbbb3c0a7364e9e70e46558ced37,
        type: 3}
      propertyPath: m_LocalPosition.x
      value: -264
      objectReference: {fileID: 0}
    - target: {fileID: 1275261811238906291, guid: 50b8dbbb3c0a7364e9e70e46558ced37,
        type: 3}
      propertyPath: m_LocalPosition.y
      value: 245
      objectReference: {fileID: 0}
    - target: {fileID: 1275261811238906291, guid: 50b8dbbb3c0a7364e9e70e46558ced37,
        type: 3}
      propertyPath: m_LocalPosition.z
      value: 17
      objectReference: {fileID: 0}
    - target: {fileID: 1275261811238906291, guid: 50b8dbbb3c0a7364e9e70e46558ced37,
        type: 3}
      propertyPath: m_LocalRotation.x
      value: 0.049203224
      objectReference: {fileID: 0}
    - target: {fileID: 1275261811238906291, guid: 50b8dbbb3c0a7364e9e70e46558ced37,
        type: 3}
      propertyPath: m_LocalRotation.y
      value: -0.60583043
      objectReference: {fileID: 0}
    - target: {fileID: 1275261811238906291, guid: 50b8dbbb3c0a7364e9e70e46558ced37,
        type: 3}
      propertyPath: m_LocalRotation.z
      value: 0.032223657
      objectReference: {fileID: 0}
    - target: {fileID: 1275261811238906291, guid: 50b8dbbb3c0a7364e9e70e46558ced37,
        type: 3}
      propertyPath: m_LocalRotation.w
      value: -0.79341686
      objectReference: {fileID: 0}
    - target: {fileID: 1275261811238906291, guid: 50b8dbbb3c0a7364e9e70e46558ced37,
        type: 3}
      propertyPath: m_RootOrder
      value: 2
      objectReference: {fileID: 0}
    - target: {fileID: 1275261811238906291, guid: 50b8dbbb3c0a7364e9e70e46558ced37,
        type: 3}
      propertyPath: m_LocalEulerAnglesHint.x
      value: -2.237
      objectReference: {fileID: 0}
    - target: {fileID: 1275261811238906291, guid: 50b8dbbb3c0a7364e9e70e46558ced37,
        type: 3}
      propertyPath: m_LocalEulerAnglesHint.y
      value: 74.853004
      objectReference: {fileID: 0}
    - target: {fileID: 1275261811238906291, guid: 50b8dbbb3c0a7364e9e70e46558ced37,
        type: 3}
      propertyPath: m_LocalEulerAnglesHint.z
      value: 353.637
      objectReference: {fileID: 0}
    - target: {fileID: 1275261811238906291, guid: 50b8dbbb3c0a7364e9e70e46558ced37,
        type: 3}
      propertyPath: m_LocalScale.z
      value: 4.3075023
      objectReference: {fileID: 0}
    - target: {fileID: 1275261811238906291, guid: 50b8dbbb3c0a7364e9e70e46558ced37,
        type: 3}
      propertyPath: m_LocalScale.x
      value: 3.5319014
      objectReference: {fileID: 0}
    m_RemovedComponents: []
  m_SourcePrefab: {fileID: 100100000, guid: 50b8dbbb3c0a7364e9e70e46558ced37, type: 3}
--- !u!4 &8614898924305242588 stripped
Transform:
  m_CorrespondingSourceObject: {fileID: 1275261811238906291, guid: 50b8dbbb3c0a7364e9e70e46558ced37,
    type: 3}
  m_PrefabInstance: {fileID: 7367017291761840239}
  m_PrefabAsset: {fileID: 0}
--- !u!1001 &7367017291824960869
PrefabInstance:
  m_ObjectHideFlags: 0
  serializedVersion: 2
  m_Modification:
    m_TransformParent: {fileID: 7367017290493144402}
    m_Modifications:
    - target: {fileID: 2876104735244606368, guid: 50b8dbbb3c0a7364e9e70e46558ced37,
        type: 3}
      propertyPath: m_Name
      value: FlatRock1_Low (1)
      objectReference: {fileID: 0}
    - target: {fileID: 1275261811238906291, guid: 50b8dbbb3c0a7364e9e70e46558ced37,
        type: 3}
      propertyPath: m_LocalPosition.x
      value: 70
      objectReference: {fileID: 0}
    - target: {fileID: 1275261811238906291, guid: 50b8dbbb3c0a7364e9e70e46558ced37,
        type: 3}
      propertyPath: m_LocalPosition.y
      value: 52
      objectReference: {fileID: 0}
    - target: {fileID: 1275261811238906291, guid: 50b8dbbb3c0a7364e9e70e46558ced37,
        type: 3}
      propertyPath: m_LocalPosition.z
      value: -10
      objectReference: {fileID: 0}
    - target: {fileID: 1275261811238906291, guid: 50b8dbbb3c0a7364e9e70e46558ced37,
        type: 3}
      propertyPath: m_LocalRotation.x
      value: 0.04166438
      objectReference: {fileID: 0}
    - target: {fileID: 1275261811238906291, guid: 50b8dbbb3c0a7364e9e70e46558ced37,
        type: 3}
      propertyPath: m_LocalRotation.y
      value: -0.7538539
      objectReference: {fileID: 0}
    - target: {fileID: 1275261811238906291, guid: 50b8dbbb3c0a7364e9e70e46558ced37,
        type: 3}
      propertyPath: m_LocalRotation.z
      value: 0.04151386
      objectReference: {fileID: 0}
    - target: {fileID: 1275261811238906291, guid: 50b8dbbb3c0a7364e9e70e46558ced37,
        type: 3}
      propertyPath: m_LocalRotation.w
      value: -0.6544043
      objectReference: {fileID: 0}
    - target: {fileID: 1275261811238906291, guid: 50b8dbbb3c0a7364e9e70e46558ced37,
        type: 3}
      propertyPath: m_RootOrder
      value: 0
      objectReference: {fileID: 0}
    - target: {fileID: 1275261811238906291, guid: 50b8dbbb3c0a7364e9e70e46558ced37,
        type: 3}
      propertyPath: m_LocalEulerAnglesHint.x
      value: 0.462
      objectReference: {fileID: 0}
    - target: {fileID: 1275261811238906291, guid: 50b8dbbb3c0a7364e9e70e46558ced37,
        type: 3}
      propertyPath: m_LocalEulerAnglesHint.y
      value: 98.052
      objectReference: {fileID: 0}
    - target: {fileID: 1275261811238906291, guid: 50b8dbbb3c0a7364e9e70e46558ced37,
        type: 3}
      propertyPath: m_LocalEulerAnglesHint.z
      value: 353.272
      objectReference: {fileID: 0}
    - target: {fileID: 1275261811238906291, guid: 50b8dbbb3c0a7364e9e70e46558ced37,
        type: 3}
      propertyPath: m_LocalScale.z
      value: 4.3075023
      objectReference: {fileID: 0}
    - target: {fileID: 1275261811238906291, guid: 50b8dbbb3c0a7364e9e70e46558ced37,
        type: 3}
      propertyPath: m_LocalScale.x
      value: 2.7225308
      objectReference: {fileID: 0}
    m_RemovedComponents: []
  m_SourcePrefab: {fileID: 100100000, guid: 50b8dbbb3c0a7364e9e70e46558ced37, type: 3}
--- !u!4 &8614898924251462870 stripped
Transform:
  m_CorrespondingSourceObject: {fileID: 1275261811238906291, guid: 50b8dbbb3c0a7364e9e70e46558ced37,
    type: 3}
  m_PrefabInstance: {fileID: 7367017291824960869}
  m_PrefabAsset: {fileID: 0}
